<?xml version="1.0" encoding="UTF-8"?>
  <record xmlns="http://www.loc.gov/MARC21/slim" type="Authority">
    <leader>00000nz  a2200000nc 4500</leader>
    <controlfield tag="001">118627295</controlfield>
    <controlfield tag="003">DE-101</controlfield>
    <controlfield tag="005">20220610145647.0</controlfield>
    <controlfield tag="008">880701n||azznnaabn           | aaa    |c</controlfield>
    <datafield tag="024" ind1="7" ind2=" ">
      <subfield code="a">118627295</subfield>
      <subfield code="0">http://d-nb.info/gnd/118627295</subfield>
      <subfield code="2">gnd</subfield>
    </datafield>
    <datafield tag="035" ind1=" " ind2=" ">
      <subfield code="a">(DE-101)118627295</subfield>
    </datafield>
    <datafield tag="035" ind1=" " ind2=" ">
      <subfield code="a">(DE-588)118627295</subfield>
    </datafield>
    <datafield tag="035" ind1=" " ind2=" ">
      <subfield code="z">(DE-588a)118627295</subfield>
      <subfield code="9">v:zg</subfield>
    </datafield>
    <datafield tag="035" ind1=" " ind2=" ">
      <subfield code="z">(DE-588a)138855862</subfield>
    </datafield>
    <datafield tag="035" ind1=" " ind2=" ">
      <subfield code="z">(DE-588c)4063655-0</subfield>
      <subfield code="9">v:zg</subfield>
    </datafield>
    <datafield tag="040" ind1=" " ind2=" ">
      <subfield code="a">DE-101</subfield>
      <subfield code="c">DE-101</subfield>
      <subfield code="9">r:DE-101</subfield>
      <subfield code="b">ger</subfield>
      <subfield code="d">1501</subfield>
      <subfield code="e">rda</subfield>
    </datafield>
    <datafield tag="042" ind1=" " ind2=" ">
      <subfield code="a">gnd1</subfield>
    </datafield>
    <datafield tag="043" ind1=" " ind2=" ">
      <subfield code="c">XA-ES</subfield>
    </datafield>
    <datafield tag="065" ind1=" " ind2=" ">
      <subfield code="a">6.1p</subfield>
      <subfield code="2">sswd</subfield>
    </datafield>
    <datafield tag="075" ind1=" " ind2=" ">
      <subfield code="b">p</subfield>
      <subfield code="2">gndgen</subfield>
    </datafield>
    <datafield tag="075" ind1=" " ind2=" ">
      <subfield code="b">piz</subfield>
      <subfield code="2">gndspec</subfield>
    </datafield>
    <datafield tag="079" ind1=" " ind2=" ">
      <subfield code="a">g</subfield>
      <subfield code="q">s</subfield>
      <subfield code="q">a</subfield>
      <subfield code="q">f</subfield>
      <subfield code="u">v</subfield>
      <subfield code="u">w</subfield>
      <subfield code="u">o</subfield>
    </datafield>
    <datafield tag="100" ind1="1" ind2=" ">
      <subfield code="a">Vives, Juan Luis</subfield>
      <subfield code="d">1492-1540</subfield>
    </datafield>
    <datafield tag="375" ind1=" " ind2=" ">
      <subfield code="a">1</subfield>
      <subfield code="2">iso5218</subfield>
    </datafield>
    <datafield tag="400" ind1="1" ind2=" ">
      <subfield code="a">Vives, Johann Ludwig</subfield>
      <subfield code="d">1492-1540</subfield>
    </datafield>
    <datafield tag="400" ind1="1" ind2=" ">
      <subfield code="a">Vives, Johannes Ludwig</subfield>
      <subfield code="d">1492-1540</subfield>
    </datafield>
    <datafield tag="400" ind1="1" ind2=" ">
      <subfield code="a">Vives, Johannes-Ludovicus</subfield>
      <subfield code="d">1492-1540</subfield>
    </datafield>
    <datafield tag="400" ind1="1" ind2=" ">
      <subfield code="a">Vives, Johannes Ludowicus</subfield>
      <subfield code="d">1492-1540</subfield>
    </datafield>
    <datafield tag="400" ind1="1" ind2=" ">
      <subfield code="a">Vives, Ioannes Ludovicus</subfield>
      <subfield code="d">1492-1540</subfield>
    </datafield>
    <datafield tag="400" ind1="1" ind2=" ">
      <subfield code="a">Vives, Johannes Lodovicus</subfield>
      <subfield code="d">1492-1540</subfield>
    </datafield>
    <datafield tag="400" ind1="1" ind2=" ">
      <subfield code="a">Vives, Joannes Lodovicus</subfield>
      <subfield code="d">1492-1540</subfield>
    </datafield>
    <datafield tag="400" ind1="1" ind2=" ">
      <subfield code="a">Vives, Giovan Lodovico</subfield>
      <subfield code="d">1492-1540</subfield>
    </datafield>
    <datafield tag="400" ind1="1" ind2=" ">
      <subfield code="a">Vives, Giovanni Lodovico</subfield>
      <subfield code="d">1492-1540</subfield>
    </datafield>
    <datafield tag="400" ind1="1" ind2=" ">
      <subfield code="a">Vives, Giovanni</subfield>
      <subfield code="d">1492-1540</subfield>
    </datafield>
    <datafield tag="400" ind1="1" ind2=" ">
      <subfield code="a">Vives, Johannes L.</subfield>
      <subfield code="d">1492-1540</subfield>
    </datafield>
    <datafield tag="400" ind1="1" ind2=" ">
      <subfield code="a">Vives, Johann L.</subfield>
      <subfield code="d">1492-1540</subfield>
    </datafield>
    <datafield tag="400" ind1="1" ind2=" ">
      <subfield code="a">Vives, Joh. Ludow.</subfield>
      <subfield code="d">1492-1540</subfield>
    </datafield>
    <datafield tag="400" ind1="1" ind2=" ">
      <subfield code="a">Vives, Joh. Ludov.</subfield>
      <subfield code="d">1492-1540</subfield>
    </datafield>
    <datafield tag="400" ind1="1" ind2=" ">
      <subfield code="a">Vives, Joan Lluis</subfield>
      <subfield code="d">1492-1540</subfield>
    </datafield>
    <datafield tag="400" ind1="1" ind2=" ">
      <subfield code="a">Vives, Jean-Louis</subfield>
      <subfield code="d">1492-1540</subfield>
    </datafield>
    <datafield tag="400" ind1="1" ind2=" ">
      <subfield code="a">Vives, Juan Luis &#152;del&#156;</subfield>
      <subfield code="d">1492-1540</subfield>
    </datafield>
    <datafield tag="400" ind1="1" ind2=" ">
      <subfield code="a">Vives, Joannes L.</subfield>
      <subfield code="d">1492-1540</subfield>
    </datafield>
    <datafield tag="400" ind1="1" ind2=" ">
      <subfield code="a">Vives, Ioannes L.</subfield>
      <subfield code="d">1492-1540</subfield>
    </datafield>
    <datafield tag="400" ind1="1" ind2=" ">
      <subfield code="a">Vives, Jan L.</subfield>
      <subfield code="d">1492-1540</subfield>
    </datafield>
    <datafield tag="400" ind1="1" ind2=" ">
      <subfield code="a">Vives, Ian L.</subfield>
      <subfield code="d">1492-1540</subfield>
    </datafield>
    <datafield tag="400" ind1="1" ind2=" ">
      <subfield code="a">Vives, Juan L.</subfield>
      <subfield code="d">1492-1540</subfield>
    </datafield>
    <datafield tag="400" ind1="1" ind2=" ">
      <subfield code="a">Vives, Juan L. &#152;del&#156;</subfield>
      <subfield code="d">1492-1540</subfield>
    </datafield>
    <datafield tag="400" ind1="1" ind2=" ">
      <subfield code="a">Vives, Io. Lod.</subfield>
      <subfield code="d">1492-1540</subfield>
    </datafield>
    <datafield tag="400" ind1="1" ind2=" ">
      <subfield code="a">Vives, G. L.</subfield>
      <subfield code="d">1492-1540</subfield>
    </datafield>
    <datafield tag="400" ind1="1" ind2=" ">
      <subfield code="a">Vives, Joannes</subfield>
      <subfield code="d">1492-1540</subfield>
    </datafield>
    <datafield tag="400" ind1="1" ind2=" ">
      <subfield code="a">Vives, Ludwig</subfield>
      <subfield code="d">1492-1540</subfield>
    </datafield>
    <datafield tag="400" ind1="1" ind2=" ">
      <subfield code="a">Vives, Ludovicus</subfield>
      <subfield code="d">1492-1540</subfield>
    </datafield>
    <datafield tag="400" ind1="1" ind2=" ">
      <subfield code="a">Vives, Ludovico</subfield>
      <subfield code="d">1492-1540</subfield>
    </datafield>
    <datafield tag="400" ind1="1" ind2=" ">
      <subfield code="a">Vives, Louis</subfield>
      <subfield code="d">1492-1540</subfield>
    </datafield>
    <datafield tag="400" ind1="1" ind2=" ">
      <subfield code="a">Vives, Loys</subfield>
      <subfield code="d">1492-1540</subfield>
    </datafield>
    <datafield tag="400" ind1="1" ind2=" ">
      <subfield code="a">Vives, Luys</subfield>
      <subfield code="d">1492-1540</subfield>
    </datafield>
    <datafield tag="400" ind1="1" ind2=" ">
      <subfield code="a">Vives Valentinus, Johannes-Ludovicus</subfield>
      <subfield code="d">1492-1540</subfield>
    </datafield>
    <datafield tag="400" ind1="1" ind2=" ">
      <subfield code="a">Vives Valentinus, Johann-Ludwig</subfield>
      <subfield code="d">1492-1540</subfield>
    </datafield>
    <datafield tag="400" ind1="1" ind2=" ">
      <subfield code="a">Vives Valentinus, Johannes-Ludwig</subfield>
      <subfield code="d">1492-1540</subfield>
    </datafield>
    <datafield tag="400" ind1="1" ind2=" ">
      <subfield code="a">Vives Valentinus, Joannes Ludovicus</subfield>
      <subfield code="d">1492-1540</subfield>
    </datafield>
    <datafield tag="400" ind1="1" ind2=" ">
      <subfield code="a">Valentinus, Ludovicus Joannes Vives</subfield>
      <subfield code="d">1492-1540</subfield>
    </datafield>
    <datafield tag="400" ind1="1" ind2=" ">
      <subfield code="a">Vivis, Hans Ludwig</subfield>
      <subfield code="d">1492-1540</subfield>
    </datafield>
    <datafield tag="400" ind1="1" ind2=" ">
      <subfield code="a">Vivis, Johannes Ludwig</subfield>
      <subfield code="d">1492-1540</subfield>
    </datafield>
    <datafield tag="400" ind1="1" ind2=" ">
      <subfield code="a">Vivis, Joannes Ludovicus</subfield>
      <subfield code="d">1492-1540</subfield>
    </datafield>
    <datafield tag="400" ind1="1" ind2=" ">
      <subfield code="a">Vivis, Joannes Lodovicus</subfield>
      <subfield code="d">1492-1540</subfield>
    </datafield>
    <datafield tag="400" ind1="1" ind2=" ">
      <subfield code="a">Vivis, Joannes L.</subfield>
      <subfield code="d">1492-1540</subfield>
    </datafield>
    <datafield tag="400" ind1="1" ind2=" ">
      <subfield code="a">Vivis, Joannes</subfield>
      <subfield code="d">1492-1540</subfield>
    </datafield>
    <datafield tag="400" ind1="1" ind2=" ">
      <subfield code="a">Vivis, Johann L.</subfield>
      <subfield code="d">1492-1540</subfield>
    </datafield>
    <datafield tag="400" ind1="1" ind2=" ">
      <subfield code="a">Vivis, Jo. Lud.</subfield>
      <subfield code="d">1492-1540</subfield>
    </datafield>
    <datafield tag="400" ind1="1" ind2=" ">
      <subfield code="a">Vivis, Jo. Ludov.</subfield>
      <subfield code="d">1492-1540</subfield>
    </datafield>
    <datafield tag="400" ind1="1" ind2=" ">
      <subfield code="a">Vivis, Io. Ludov.</subfield>
      <subfield code="d">1492-1540</subfield>
    </datafield>
    <datafield tag="400" ind1="1" ind2=" ">
      <subfield code="a">Vivis Valentinus, Johannes Ludovicus</subfield>
      <subfield code="d">1492-1540</subfield>
    </datafield>
    <datafield tag="400" ind1="1" ind2=" ">
      <subfield code="a">Vivis Valentinus, Joannes Ludovicus</subfield>
      <subfield code="d">1492-1540</subfield>
    </datafield>
    <datafield tag="400" ind1="1" ind2=" ">
      <subfield code="a">Warsenius, Johannes</subfield>
      <subfield code="d">1492-1540</subfield>
      <subfield code="4">pseu</subfield>
      <subfield code="4">https://d-nb.info/standards/elementset/gnd#pseudonym</subfield>
      <subfield code="w">r</subfield>
      <subfield code="i">Pseudonym</subfield>
      <subfield code="e">Pseudonym</subfield>
    </datafield>
    <datafield tag="400" ind1="1" ind2=" ">
      <subfield code="a">Vives, Johannes Ludovicus</subfield>
      <subfield code="d">1492-1540</subfield>
    </datafield>
    <datafield tag="400" ind1="1" ind2=" ">
      <subfield code="a">Vives, Joannes Ludovicus</subfield>
      <subfield code="d">1492-1540</subfield>
    </datafield>
    <datafield tag="400" ind1="1" ind2=" ">
      <subfield code="a">Vives, Jean Louis</subfield>
      <subfield code="d">1492-1540</subfield>
    </datafield>
    <datafield tag="400" ind1="1" ind2=" ">
      <subfield code="a">Vives, J. L.</subfield>
      <subfield code="d">1492-1540</subfield>
    </datafield>
    <datafield tag="400" ind1="1" ind2=" ">
      <subfield code="a">Vives, Luis</subfield>
      <subfield code="d">1492-1540</subfield>
    </datafield>
    <datafield tag="400" ind1="1" ind2=" ">
      <subfield code="a">Vives Valentinus, Ioannes Lodovicus</subfield>
      <subfield code="d">1492-1540</subfield>
    </datafield>
    <datafield tag="400" ind1="1" ind2=" ">
      <subfield code="a">Valentinus, Ludovicus Vives</subfield>
      <subfield code="d">1492-1540</subfield>
    </datafield>
    <datafield tag="400" ind1="1" ind2=" ">
      <subfield code="a">Vivis, Johann Ludwig</subfield>
      <subfield code="d">1492-1540</subfield>
    </datafield>
    <datafield tag="400" ind1="1" ind2=" ">
      <subfield code="a">Vivis, Ludovicus</subfield>
      <subfield code="d">1492-1540</subfield>
    </datafield>
    <datafield tag="400" ind1="1" ind2=" ">
      <subfield code="a">Vives, Joan Lluís</subfield>
      <subfield code="d">1492-1540</subfield>
    </datafield>
    <datafield tag="400" ind1="1" ind2=" ">
      <subfield code="a">Vives Valentinus, Johannes Ludovicus</subfield>
      <subfield code="d">1492-1540</subfield>
    </datafield>
    <datafield tag="400" ind1="1" ind2=" ">
      <subfield code="a">Vives Valentinus, Johannes Lodovicus</subfield>
      <subfield code="d">1492-1540</subfield>
    </datafield>
    <datafield tag="400" ind1="1" ind2=" ">
      <subfield code="a">Viues, Iean Louys</subfield>
      <subfield code="d">1492-1540</subfield>
    </datafield>
    <datafield tag="400" ind1="1" ind2=" ">
      <subfield code="a">Vives, Jean Louys</subfield>
      <subfield code="d">1492-1540</subfield>
    </datafield>
    <datafield tag="400" ind1="1" ind2=" ">
      <subfield code="a">Vives, Ludovik</subfield>
      <subfield code="d">1492-1540</subfield>
    </datafield>
    <datafield tag="400" ind1="1" ind2=" ">
      <subfield code="a">Vives, Ioannes Lodovicus</subfield>
      <subfield code="d">1492-1540</subfield>
    </datafield>
    <datafield tag="400" ind1="1" ind2=" ">
      <subfield code="a">Vives March, Juan Luis</subfield>
      <subfield code="d">1492-1540</subfield>
    </datafield>
    <datafield tag="400" ind1="1" ind2=" ">
      <subfield code="a">Vives, Jehan Loys</subfield>
      <subfield code="d">1492-1540</subfield>
    </datafield>
    <datafield tag="400" ind1="1" ind2=" ">
      <subfield code="a">March, Juan Luis Vives y</subfield>
      <subfield code="d">1492-1540</subfield>
    </datafield>
    <datafield tag="400" ind1="1" ind2=" ">
      <subfield code="a">March, Joan Llui͏̈s Vives i</subfield>
      <subfield code="d">1492-1540</subfield>
    </datafield>
    <datafield tag="400" ind1="1" ind2=" ">
      <subfield code="a">Vives, Ioannes Ludovicus</subfield>
      <subfield code="c">Valentinus</subfield>
      <subfield code="d">1492-1540</subfield>
    </datafield>
    <datafield tag="400" ind1="1" ind2=" ">
      <subfield code="a">Vives, Juan Luiz</subfield>
      <subfield code="d">1492-1540</subfield>
    </datafield>
    <datafield tag="500" ind1="1" ind2=" ">
      <subfield code="0">(DE-101)119854376</subfield>
      <subfield code="0">(DE-588)119854376</subfield>
      <subfield code="0">https://d-nb.info/gnd/119854376</subfield>
      <subfield code="a">Ulpianus, Rhetor</subfield>
      <subfield code="4">beza</subfield>
      <subfield code="4">https://d-nb.info/standards/elementset/gnd#acquaintanceshipOrFriendship</subfield>
      <subfield code="w">r</subfield>
      <subfield code="i">Bekanntschaft</subfield>
      <subfield code="e">Bekanntschaft</subfield>
      <subfield code="9">v:VD-16 Mitverf.</subfield>
    </datafield>
    <datafield tag="500" ind1="1" ind2=" ">
      <subfield code="0">(DE-101)118687182</subfield>
      <subfield code="0">(DE-588)118687182</subfield>
      <subfield code="0">https://d-nb.info/gnd/118687182</subfield>
      <subfield code="a">Philelphus, Franciscus</subfield>
      <subfield code="d">1398-1481</subfield>
      <subfield code="4">beza</subfield>
      <subfield code="4">https://d-nb.info/standards/elementset/gnd#acquaintanceshipOrFriendship</subfield>
      <subfield code="w">r</subfield>
      <subfield code="i">Bekanntschaft</subfield>
      <subfield code="e">Bekanntschaft</subfield>
      <subfield code="9">v:VD-16 Mitverf.</subfield>
    </datafield>
    <datafield tag="500" ind1="1" ind2=" ">
      <subfield code="0">(DE-101)118780018</subfield>
      <subfield code="0">(DE-588)118780018</subfield>
      <subfield code="0">https://d-nb.info/gnd/118780018</subfield>
      <subfield code="a">Linacre, Thomas</subfield>
      <subfield code="d">1460-1524</subfield>
      <subfield code="4">beza</subfield>
      <subfield code="4">https://d-nb.info/standards/elementset/gnd#acquaintanceshipOrFriendship</subfield>
      <subfield code="w">r</subfield>
      <subfield code="i">Bekanntschaft</subfield>
      <subfield code="e">Bekanntschaft</subfield>
      <subfield code="9">v:VD-16 Mitverf.</subfield>
    </datafield>
    <datafield tag="500" ind1="0" ind2=" ">
      <subfield code="0">(DE-101)119746247</subfield>
      <subfield code="0">(DE-588)119746247</subfield>
      <subfield code="0">https://d-nb.info/gnd/119746247</subfield>
      <subfield code="a">Lombardus</subfield>
      <subfield code="c">Sirichius</subfield>
      <subfield code="d">-1390</subfield>
      <subfield code="4">beza</subfield>
      <subfield code="4">https://d-nb.info/standards/elementset/gnd#acquaintanceshipOrFriendship</subfield>
      <subfield code="w">r</subfield>
      <subfield code="i">Bekanntschaft</subfield>
      <subfield code="e">Bekanntschaft</subfield>
      <subfield code="9">v:VD-16 Mitverf.</subfield>
    </datafield>
    <datafield tag="500" ind1="1" ind2=" ">
      <subfield code="0">(DE-101)100706460</subfield>
      <subfield code="0">(DE-588)100706460</subfield>
      <subfield code="0">https://d-nb.info/gnd/100706460</subfield>
      <subfield code="a">Wolf, Hieronymus</subfield>
      <subfield code="d">1516-1580</subfield>
      <subfield code="4">beza</subfield>
      <subfield code="4">https://d-nb.info/standards/elementset/gnd#acquaintanceshipOrFriendship</subfield>
      <subfield code="w">r</subfield>
      <subfield code="i">Bekanntschaft</subfield>
      <subfield code="e">Bekanntschaft</subfield>
      <subfield code="9">v:VD-16 Mitverf.</subfield>
    </datafield>
    <datafield tag="500" ind1="1" ind2=" ">
      <subfield code="0">(DE-101)118682938</subfield>
      <subfield code="0">(DE-588)118682938</subfield>
      <subfield code="0">https://d-nb.info/gnd/118682938</subfield>
      <subfield code="a">Lefèvre d'Étaples, Jacques</subfield>
      <subfield code="d">1450-1536</subfield>
      <subfield code="4">beza</subfield>
      <subfield code="4">https://d-nb.info/standards/elementset/gnd#acquaintanceshipOrFriendship</subfield>
      <subfield code="w">r</subfield>
      <subfield code="i">Bekanntschaft</subfield>
      <subfield code="e">Bekanntschaft</subfield>
      <subfield code="9">v:VD-16 Mitverf.</subfield>
    </datafield>
    <datafield tag="500" ind1="1" ind2=" ">
      <subfield code="0">(DE-101)119627361</subfield>
      <subfield code="0">(DE-588)119627361</subfield>
      <subfield code="0">https://d-nb.info/gnd/119627361</subfield>
      <subfield code="a">Bourbon, Nicolas</subfield>
      <subfield code="4">beza</subfield>
      <subfield code="4">https://d-nb.info/standards/elementset/gnd#acquaintanceshipOrFriendship</subfield>
      <subfield code="w">r</subfield>
      <subfield code="i">Bekanntschaft</subfield>
      <subfield code="e">Bekanntschaft</subfield>
      <subfield code="9">v:VD-16 Mitverf.</subfield>
    </datafield>
    <datafield tag="500" ind1="1" ind2=" ">
      <subfield code="a">Wirth, Johannes</subfield>
      <subfield code="4">beza</subfield>
      <subfield code="4">https://d-nb.info/standards/elementset/gnd#acquaintanceshipOrFriendship</subfield>
      <subfield code="w">r</subfield>
      <subfield code="i">Bekanntschaft</subfield>
      <subfield code="e">Bekanntschaft</subfield>
      <subfield code="9">v:Stein am Rhein; VD-16 Mitverf.</subfield>
    </datafield>
    <datafield tag="500" ind1="1" ind2=" ">
      <subfield code="0">(DE-101)118930095</subfield>
      <subfield code="0">(DE-588)118930095</subfield>
      <subfield code="0">https://d-nb.info/gnd/118930095</subfield>
      <subfield code="a">Longueil, Gilbert &#152;de&#156;</subfield>
      <subfield code="d">1507-1543</subfield>
      <subfield code="4">beza</subfield>
      <subfield code="4">https://d-nb.info/standards/elementset/gnd#acquaintanceshipOrFriendship</subfield>
      <subfield code="w">r</subfield>
      <subfield code="i">Bekanntschaft</subfield>
      <subfield code="e">Bekanntschaft</subfield>
      <subfield code="9">v:VD-16 Mitverf.</subfield>
    </datafield>
    <datafield tag="500" ind1="1" ind2=" ">
      <subfield code="a">Coster, Jan</subfield>
      <subfield code="4">beza</subfield>
      <subfield code="4">https://d-nb.info/standards/elementset/gnd#acquaintanceshipOrFriendship</subfield>
      <subfield code="w">r</subfield>
      <subfield code="i">Bekanntschaft</subfield>
      <subfield code="e">Bekanntschaft</subfield>
      <subfield code="9">v:VD-16 Mitverf.</subfield>
    </datafield>
    <datafield tag="548" ind1=" " ind2=" ">
      <subfield code="a">1492-1540</subfield>
      <subfield code="4">datl</subfield>
      <subfield code="4">https://d-nb.info/standards/elementset/gnd#dateOfBirthAndDeath</subfield>
      <subfield code="w">r</subfield>
      <subfield code="i">Lebensdaten</subfield>
      <subfield code="9">v:abweichendes Geburtsjahr 1493</subfield>
      <subfield code="9">v:abweichendes Todesjahr 1543</subfield>
    </datafield>
    <datafield tag="550" ind1=" " ind2=" ">
      <subfield code="0">(DE-101)041607775</subfield>
      <subfield code="0">(DE-588)4160777-6</subfield>
      <subfield code="0">https://d-nb.info/gnd/4160777-6</subfield>
      <subfield code="a">Humanist</subfield>
      <subfield code="4">berc</subfield>
      <subfield code="4">https://d-nb.info/standards/elementset/gnd#professionOrOccupation</subfield>
      <subfield code="w">r</subfield>
      <subfield code="i">Charakteristischer Beruf</subfield>
    </datafield>
    <datafield tag="550" ind1=" " ind2=" ">
      <subfield code="0">(DE-101)04156443X</subfield>
      <subfield code="0">(DE-588)4156443-1</subfield>
      <subfield code="0">https://d-nb.info/gnd/4156443-1</subfield>
      <subfield code="a">Gelehrter</subfield>
      <subfield code="4">beru</subfield>
      <subfield code="4">https://d-nb.info/standards/elementset/gnd#professionOrOccupation</subfield>
      <subfield code="w">r</subfield>
      <subfield code="i">Beruf</subfield>
    </datafield>
    <datafield tag="550" ind1=" " ind2=" ">
      <subfield code="0">(DE-101)041992369</subfield>
      <subfield code="0">(DE-588)4199236-2</subfield>
      <subfield code="0">https://d-nb.info/gnd/4199236-2</subfield>
      <subfield code="a">Philologe</subfield>
      <subfield code="4">beru</subfield>
      <subfield code="4">https://d-nb.info/standards/elementset/gnd#professionOrOccupation</subfield>
      <subfield code="w">r</subfield>
      <subfield code="i">Beruf</subfield>
    </datafield>
    <datafield tag="550" ind1=" " ind2=" ">
      <subfield code="0">(DE-101)040457907</subfield>
      <subfield code="0">(DE-588)4045790-4</subfield>
      <subfield code="0">https://d-nb.info/gnd/4045790-4</subfield>
      <subfield code="a">Philosoph</subfield>
      <subfield code="4">beru</subfield>
      <subfield code="4">https://d-nb.info/standards/elementset/gnd#professionOrOccupation</subfield>
      <subfield code="w">r</subfield>
      <subfield code="i">Beruf</subfield>
    </datafield>
    <datafield tag="551" ind1=" " ind2=" ">
      <subfield code="0">(DE-101)040622843</subfield>
      <subfield code="0">(DE-588)4062284-8</subfield>
      <subfield code="0">https://d-nb.info/gnd/4062284-8</subfield>
      <subfield code="a">Valencia</subfield>
      <subfield code="4">ortg</subfield>
      <subfield code="4">https://d-nb.info/standards/elementset/gnd#placeOfBirth</subfield>
      <subfield code="w">r</subfield>
      <subfield code="i">Geburtsort</subfield>
    </datafield>
    <datafield tag="551" ind1=" " ind2=" ">
      <subfield code="0">(DE-101)04069688X</subfield>
      <subfield code="0">(DE-588)4069688-1</subfield>
      <subfield code="0">https://d-nb.info/gnd/4069688-1</subfield>
      <subfield code="a">Brügge</subfield>
      <subfield code="4">orts</subfield>
      <subfield code="4">https://d-nb.info/standards/elementset/gnd#placeOfDeath</subfield>
      <subfield code="w">r</subfield>
      <subfield code="i">Sterbeort</subfield>
    </datafield>
    <datafield tag="667" ind1=" " ind2=" ">
      <subfield code="a">NDSBIO</subfield>
    </datafield>
    <datafield tag="667" ind1=" " ind2=" ">
      <subfield code="a">7</subfield>
    </datafield>
    <datafield tag="667" ind1=" " ind2=" ">
      <subfield code="a">12</subfield>
    </datafield>
    <datafield tag="667" ind1=" " ind2=" ">
      <subfield code="a">384</subfield>
    </datafield>
    <datafield tag="667" ind1=" " ind2=" ">
      <subfield code="a">VD-16</subfield>
    </datafield>
    <datafield tag="667" ind1=" " ind2=" ">
      <subfield code="a">VD-17</subfield>
    </datafield>
    <datafield tag="667" ind1=" " ind2=" ">
      <subfield code="a">VD-18</subfield>
    </datafield>
    <datafield tag="667" ind1=" " ind2=" ">
      <subfield code="a">Quelle: LCAuth (Info DNB: Lebensdaten 1492-1540 Beruf(e) Humanist Land Spanien (XA-ES) Weitere Angaben Span. Humanist)</subfield>
    </datafield>
    <datafield tag="670" ind1=" " ind2=" ">
      <subfield code="a">M; LCAuth</subfield>
    </datafield>
    <datafield tag="670" ind1=" " ind2=" ">
      <subfield code="a">PND/LCAuth</subfield>
    </datafield>
    <datafield tag="672" ind1=" " ind2="0">
      <subfield code="a">De institutione foeminae Christianae libri tres</subfield>
    </datafield>
    <datafield tag="672" ind1=" " ind2="0">
      <subfield code="a">Censum de libris Aristotelis</subfield>
      <subfield code="f">1538</subfield>
    </datafield>
    <datafield tag="672" ind1=" " ind2="0">
      <subfield code="a">De officio mariti liber unus</subfield>
      <subfield code="f">1614</subfield>
    </datafield>
    <datafield tag="672" ind1=" " ind2="0">
      <subfield code="a">Ad veram sapientiam introductio</subfield>
      <subfield code="f">1578</subfield>
    </datafield>
    <datafield tag="672" ind1=" " ind2="0">
      <subfield code="a">Ad veram sapientiam introductio</subfield>
      <subfield code="f">1615</subfield>
    </datafield>
    <datafield tag="672" ind1=" " ind2="0">
      <subfield code="a">Anführung zu der Weißheit</subfield>
    </datafield>
    <datafield tag="672" ind1=" " ind2="0">
      <subfield code="a">Fioretti del Vives</subfield>
      <subfield code="f">1575</subfield>
    </datafield>
    <datafield tag="672" ind1=" " ind2="0">
      <subfield code="a">Declamationes sex</subfield>
      <subfield code="f">1538</subfield>
    </datafield>
    <datafield tag="672" ind1=" " ind2="0">
      <subfield code="a">De conscribendis epistolis Ioan. Ludovici Vives Valentini libellus vere aureus</subfield>
      <subfield code="f">1545</subfield>
    </datafield>
    <datafield tag="672" ind1=" " ind2="0">
      <subfield code="a">De conscribendis epistolis Ioannis Ludovici Vivis Valentini libellus vere aureus</subfield>
      <subfield code="f">1564</subfield>
    </datafield>
    <datafield tag="672" ind1=" " ind2="0">
      <subfield code="a">Satellitium animi sive symbola ... 1574. (VD16 V 1792)</subfield>
    </datafield>
    <datafield tag="672" ind1=" " ind2="0">
      <subfield code="a">Caesarius, Johannes: De disputatione. 1548. (VD16 C 120)</subfield>
    </datafield>
    <datafield tag="672" ind1=" " ind2="0">
      <subfield code="a">Vives, Juan Luis: IOANNIS LODOVICI VIVIS VOn Gebirlichẽ Th°un vnd Lassen aines Ehemanns Ain b°uch ... 1544. (VD16 V 1886)</subfield>
    </datafield>
    <datafield tag="672" ind1=" " ind2="0">
      <subfield code="a">Vives, Juan Luis: Psalmi, Ausz. 1539. (VD16 V 1891)</subfield>
    </datafield>
    <datafield tag="672" ind1=" " ind2="0">
      <subfield code="a">Vives, Juan Luis: Ander Theyl IOANNIS Ludouici Viuis des theuren Hochuerstendigen vnd wolberedten manns ... 1566. (VD16 V 1868)</subfield>
    </datafield>
    <datafield tag="672" ind1=" " ind2="0">
      <subfield code="a">Erasmus, Desiderius: Vitae morumque honestatis atque decori praecepta. 1540. (VD16 ZV 5302)</subfield>
    </datafield>
    <datafield tag="672" ind1=" " ind2="0">
      <subfield code="a">Caesarius, Johannes: Dialectica. 1543. (VD16 ZV 2782)</subfield>
    </datafield>
    <datafield tag="672" ind1=" " ind2="0">
      <subfield code="a">Vives, Juan Luis: . 1578. (VD16 V 1888)</subfield>
    </datafield>
    <datafield tag="672" ind1=" " ind2="0">
      <subfield code="a">Vives, Juan Luis: COLLOQVIA Sive EXERCITATIO LATINAE LINGVAE IOANNIS LODOVICI VIVIS VALENTINI. ... 1594. (VD16 ZV 17194)</subfield>
    </datafield>
    <datafield tag="672" ind1=" " ind2="0">
      <subfield code="a">Vives, Juan Luis: Bucolica. 1547. (VD16 V 1874)</subfield>
    </datafield>
    <datafield tag="678" ind1=" " ind2=" ">
      <subfield code="b">Span. Humanist</subfield>
    </datafield>
    <datafield tag="678" ind1=" " ind2=" ">
      <subfield code="b">Humanist</subfield>
    </datafield>
    <datafield tag="678" ind1=" " ind2=" ">
      <subfield code="b">Spanischer Humanist</subfield>
    </datafield>
    <datafield tag="913" ind1=" " ind2=" ">
      <subfield code="S">pnd</subfield>
      <subfield code="i">a</subfield>
      <subfield code="a">Vives, Juan Luis</subfield>
      <subfield code="0">(DE-588a)118627295</subfield>
    </datafield>
  </record>
